%YAML 1.1
%TAG !u! tag:unity3d.com,2011:
--- !u!29 &1
OcclusionCullingSettings:
  m_ObjectHideFlags: 0
  serializedVersion: 2
  m_OcclusionBakeSettings:
    smallestOccluder: 5
    smallestHole: 0.25
    backfaceThreshold: 100
  m_SceneGUID: 00000000000000000000000000000000
  m_OcclusionCullingData: {fileID: 0}
--- !u!104 &2
RenderSettings:
  m_ObjectHideFlags: 0
  serializedVersion: 9
  m_Fog: 0
  m_FogColor: {r: 0.5, g: 0.5, b: 0.5, a: 1}
  m_FogMode: 3
  m_FogDensity: 0.01
  m_LinearFogStart: 0
  m_LinearFogEnd: 300
  m_AmbientSkyColor: {r: 0.212, g: 0.227, b: 0.259, a: 1}
  m_AmbientEquatorColor: {r: 0.114, g: 0.125, b: 0.133, a: 1}
  m_AmbientGroundColor: {r: 0.047, g: 0.043, b: 0.035, a: 1}
  m_AmbientIntensity: 1
  m_AmbientMode: 3
  m_SubtractiveShadowColor: {r: 0.42, g: 0.478, b: 0.627, a: 1}
  m_SkyboxMaterial: {fileID: 0}
  m_HaloStrength: 0.5
  m_FlareStrength: 1
  m_FlareFadeSpeed: 3
  m_HaloTexture: {fileID: 0}
  m_SpotCookie: {fileID: 10001, guid: 0000000000000000e000000000000000, type: 0}
  m_DefaultReflectionMode: 0
  m_DefaultReflectionResolution: 128
  m_ReflectionBounces: 1
  m_ReflectionIntensity: 1
  m_CustomReflection: {fileID: 0}
  m_Sun: {fileID: 0}
  m_IndirectSpecularColor: {r: 0, g: 0, b: 0, a: 1}
  m_UseRadianceAmbientProbe: 0
--- !u!157 &3
LightmapSettings:
  m_ObjectHideFlags: 0
  serializedVersion: 12
  m_GIWorkflowMode: 1
  m_GISettings:
    serializedVersion: 2
    m_BounceScale: 1
    m_IndirectOutputScale: 1
    m_AlbedoBoost: 1
    m_EnvironmentLightingMode: 0
    m_EnableBakedLightmaps: 0
    m_EnableRealtimeLightmaps: 0
  m_LightmapEditorSettings:
    serializedVersion: 12
    m_Resolution: 2
    m_BakeResolution: 40
    m_AtlasSize: 1024
    m_AO: 0
    m_AOMaxDistance: 1
    m_CompAOExponent: 1
    m_CompAOExponentDirect: 0
    m_ExtractAmbientOcclusion: 0
    m_Padding: 2
    m_LightmapParameters: {fileID: 0}
    m_LightmapsBakeMode: 1
    m_TextureCompression: 1
    m_FinalGather: 0
    m_FinalGatherFiltering: 1
    m_FinalGatherRayCount: 256
    m_ReflectionCompression: 2
    m_MixedBakeMode: 2
    m_BakeBackend: 0
    m_PVRSampling: 1
    m_PVRDirectSampleCount: 32
    m_PVRSampleCount: 500
    m_PVRBounces: 2
    m_PVREnvironmentSampleCount: 500
    m_PVREnvironmentReferencePointCount: 2048
    m_PVRFilteringMode: 2
    m_PVRDenoiserTypeDirect: 0
    m_PVRDenoiserTypeIndirect: 0
    m_PVRDenoiserTypeAO: 0
    m_PVRFilterTypeDirect: 0
    m_PVRFilterTypeIndirect: 0
    m_PVRFilterTypeAO: 0
    m_PVREnvironmentMIS: 0
    m_PVRCulling: 1
    m_PVRFilteringGaussRadiusDirect: 1
    m_PVRFilteringGaussRadiusIndirect: 5
    m_PVRFilteringGaussRadiusAO: 2
    m_PVRFilteringAtrousPositionSigmaDirect: 0.5
    m_PVRFilteringAtrousPositionSigmaIndirect: 2
    m_PVRFilteringAtrousPositionSigmaAO: 1
    m_ExportTrainingData: 0
    m_TrainingDataDestination: TrainingData
    m_LightProbeSampleCountMultiplier: 4
  m_LightingDataAsset: {fileID: 0}
  m_LightingSettings: {fileID: 0}
--- !u!196 &4
NavMeshSettings:
  serializedVersion: 2
  m_ObjectHideFlags: 0
  m_BuildSettings:
    serializedVersion: 2
    agentTypeID: 0
    agentRadius: 0.5
    agentHeight: 2
    agentSlope: 45
    agentClimb: 0.4
    ledgeDropHeight: 0
    maxJumpAcrossDistance: 0
    minRegionArea: 2
    manualCellSize: 0
    cellSize: 0.16666667
    manualTileSize: 0
    tileSize: 256
    accuratePlacement: 0
    maxJobWorkers: 0
    preserveTilesOutsideBounds: 0
    debug:
      m_Flags: 0
  m_NavMeshData: {fileID: 0}
--- !u!4 &306104150 stripped
Transform:
  m_CorrespondingSourceObject: {fileID: 302356624844418537, guid: f8f5c175c42017642a9476d3a59a3889, type: 3}
  m_PrefabInstance: {fileID: 1633014730}
  m_PrefabAsset: {fileID: 0}
--- !u!4 &338416724 stripped
Transform:
  m_CorrespondingSourceObject: {fileID: 302356624844418537, guid: f8f5c175c42017642a9476d3a59a3889, type: 3}
  m_PrefabInstance: {fileID: 825678245}
  m_PrefabAsset: {fileID: 0}
--- !u!1001 &362329456
PrefabInstance:
  m_ObjectHideFlags: 0
  serializedVersion: 2
  m_Modification:
    m_TransformParent: {fileID: 1227110039}
    m_Modifications:
    - target: {fileID: 302356624844418537, guid: f8f5c175c42017642a9476d3a59a3889, type: 3}
      propertyPath: m_RootOrder
      value: 8
      objectReference: {fileID: 0}
    - target: {fileID: 302356624844418537, guid: f8f5c175c42017642a9476d3a59a3889, type: 3}
      propertyPath: m_LocalPosition.x
      value: 5.2734737
      objectReference: {fileID: 0}
    - target: {fileID: 302356624844418537, guid: f8f5c175c42017642a9476d3a59a3889, type: 3}
      propertyPath: m_LocalPosition.y
      value: -3.245214
      objectReference: {fileID: 0}
    - target: {fileID: 302356624844418537, guid: f8f5c175c42017642a9476d3a59a3889, type: 3}
      propertyPath: m_LocalPosition.z
      value: 0.029799964
      objectReference: {fileID: 0}
    - target: {fileID: 302356624844418537, guid: f8f5c175c42017642a9476d3a59a3889, type: 3}
      propertyPath: m_LocalRotation.w
      value: 1
      objectReference: {fileID: 0}
    - target: {fileID: 302356624844418537, guid: f8f5c175c42017642a9476d3a59a3889, type: 3}
      propertyPath: m_LocalRotation.x
      value: -0
      objectReference: {fileID: 0}
    - target: {fileID: 302356624844418537, guid: f8f5c175c42017642a9476d3a59a3889, type: 3}
      propertyPath: m_LocalRotation.y
      value: -0
      objectReference: {fileID: 0}
    - target: {fileID: 302356624844418537, guid: f8f5c175c42017642a9476d3a59a3889, type: 3}
      propertyPath: m_LocalRotation.z
      value: -0
      objectReference: {fileID: 0}
    - target: {fileID: 302356624844418537, guid: f8f5c175c42017642a9476d3a59a3889, type: 3}
      propertyPath: m_LocalEulerAnglesHint.x
      value: 0
      objectReference: {fileID: 0}
    - target: {fileID: 302356624844418537, guid: f8f5c175c42017642a9476d3a59a3889, type: 3}
      propertyPath: m_LocalEulerAnglesHint.y
      value: 0
      objectReference: {fileID: 0}
    - target: {fileID: 302356624844418537, guid: f8f5c175c42017642a9476d3a59a3889, type: 3}
      propertyPath: m_LocalEulerAnglesHint.z
      value: 0
      objectReference: {fileID: 0}
    - target: {fileID: 1878037734775810224, guid: f8f5c175c42017642a9476d3a59a3889, type: 3}
      propertyPath: m_Name
      value: New Prefab (3)
      objectReference: {fileID: 0}
    m_RemovedComponents: []
  m_SourcePrefab: {fileID: 100100000, guid: f8f5c175c42017642a9476d3a59a3889, type: 3}
--- !u!1001 &386718115
PrefabInstance:
  m_ObjectHideFlags: 0
  serializedVersion: 2
  m_Modification:
    m_TransformParent: {fileID: 1227110039}
    m_Modifications:
    - target: {fileID: 302356624844418537, guid: f8f5c175c42017642a9476d3a59a3889, type: 3}
      propertyPath: m_RootOrder
      value: 3
      objectReference: {fileID: 0}
    - target: {fileID: 302356624844418537, guid: f8f5c175c42017642a9476d3a59a3889, type: 3}
      propertyPath: m_LocalPosition.x
      value: 8.45
      objectReference: {fileID: 0}
    - target: {fileID: 302356624844418537, guid: f8f5c175c42017642a9476d3a59a3889, type: 3}
      propertyPath: m_LocalPosition.y
      value: -1.06
      objectReference: {fileID: 0}
    - target: {fileID: 302356624844418537, guid: f8f5c175c42017642a9476d3a59a3889, type: 3}
      propertyPath: m_LocalPosition.z
      value: 0.029799964
      objectReference: {fileID: 0}
    - target: {fileID: 302356624844418537, guid: f8f5c175c42017642a9476d3a59a3889, type: 3}
      propertyPath: m_LocalRotation.w
      value: 1
      objectReference: {fileID: 0}
    - target: {fileID: 302356624844418537, guid: f8f5c175c42017642a9476d3a59a3889, type: 3}
      propertyPath: m_LocalRotation.x
      value: -0
      objectReference: {fileID: 0}
    - target: {fileID: 302356624844418537, guid: f8f5c175c42017642a9476d3a59a3889, type: 3}
      propertyPath: m_LocalRotation.y
      value: -0
      objectReference: {fileID: 0}
    - target: {fileID: 302356624844418537, guid: f8f5c175c42017642a9476d3a59a3889, type: 3}
      propertyPath: m_LocalRotation.z
      value: -0
      objectReference: {fileID: 0}
    - target: {fileID: 302356624844418537, guid: f8f5c175c42017642a9476d3a59a3889, type: 3}
      propertyPath: m_LocalEulerAnglesHint.x
      value: 0
      objectReference: {fileID: 0}
    - target: {fileID: 302356624844418537, guid: f8f5c175c42017642a9476d3a59a3889, type: 3}
      propertyPath: m_LocalEulerAnglesHint.y
      value: 0
      objectReference: {fileID: 0}
    - target: {fileID: 302356624844418537, guid: f8f5c175c42017642a9476d3a59a3889, type: 3}
      propertyPath: m_LocalEulerAnglesHint.z
      value: 0
      objectReference: {fileID: 0}
    - target: {fileID: 1878037734775810224, guid: f8f5c175c42017642a9476d3a59a3889, type: 3}
      propertyPath: m_Name
      value: New Prefab
      objectReference: {fileID: 0}
    m_RemovedComponents: []
  m_SourcePrefab: {fileID: 100100000, guid: f8f5c175c42017642a9476d3a59a3889, type: 3}
--- !u!1 &519420028
GameObject:
  m_ObjectHideFlags: 0
  m_CorrespondingSourceObject: {fileID: 0}
  m_PrefabInstance: {fileID: 0}
  m_PrefabAsset: {fileID: 0}
  serializedVersion: 6
  m_Component:
  - component: {fileID: 519420032}
  - component: {fileID: 519420031}
  - component: {fileID: 519420029}
  m_Layer: 0
  m_Name: Main Camera
  m_TagString: MainCamera
  m_Icon: {fileID: 0}
  m_NavMeshLayer: 0
  m_StaticEditorFlags: 0
  m_IsActive: 1
--- !u!81 &519420029
AudioListener:
  m_ObjectHideFlags: 0
  m_CorrespondingSourceObject: {fileID: 0}
  m_PrefabInstance: {fileID: 0}
  m_PrefabAsset: {fileID: 0}
  m_GameObject: {fileID: 519420028}
  m_Enabled: 1
--- !u!20 &519420031
Camera:
  m_ObjectHideFlags: 0
  m_CorrespondingSourceObject: {fileID: 0}
  m_PrefabInstance: {fileID: 0}
  m_PrefabAsset: {fileID: 0}
  m_GameObject: {fileID: 519420028}
  m_Enabled: 1
  serializedVersion: 2
  m_ClearFlags: 2
  m_BackGroundColor: {r: 0.19215687, g: 0.3019608, b: 0.4745098, a: 0}
  m_projectionMatrixMode: 1
  m_GateFitMode: 2
  m_FOVAxisMode: 0
  m_SensorSize: {x: 36, y: 24}
  m_LensShift: {x: 0, y: 0}
  m_FocalLength: 50
  m_NormalizedViewPortRect:
    serializedVersion: 2
    x: 0
    y: 0
    width: 1
    height: 1
  near clip plane: 0.3
  far clip plane: 1000
  field of view: 60
  orthographic: 1
  orthographic size: 5
  m_Depth: -1
  m_CullingMask:
    serializedVersion: 2
    m_Bits: 4294967295
  m_RenderingPath: -1
  m_TargetTexture: {fileID: 0}
  m_TargetDisplay: 0
  m_TargetEye: 0
  m_HDR: 1
  m_AllowMSAA: 0
  m_AllowDynamicResolution: 0
  m_ForceIntoRT: 0
  m_OcclusionCulling: 0
  m_StereoConvergence: 10
  m_StereoSeparation: 0.022
--- !u!4 &519420032
Transform:
  m_ObjectHideFlags: 0
  m_CorrespondingSourceObject: {fileID: 0}
  m_PrefabInstance: {fileID: 0}
  m_PrefabAsset: {fileID: 0}
  m_GameObject: {fileID: 519420028}
  m_LocalRotation: {x: -0, y: -0, z: -0, w: 1}
  m_LocalPosition: {x: 0.1, y: 0.22000003, z: -9.999999}
  m_LocalScale: {x: 1, y: 1, z: 0.99999994}
  m_ConstrainProportionsScale: 0
  m_Children: []
  m_Father: {fileID: 0}
  m_RootOrder: 1
  m_LocalEulerAnglesHint: {x: 0, y: 0, z: 0}
--- !u!4 &535932518 stripped
Transform:
  m_CorrespondingSourceObject: {fileID: 302356624844418537, guid: f8f5c175c42017642a9476d3a59a3889, type: 3}
  m_PrefabInstance: {fileID: 774527946}
  m_PrefabAsset: {fileID: 0}
--- !u!1 &571299061
GameObject:
  m_ObjectHideFlags: 0
  m_CorrespondingSourceObject: {fileID: 0}
  m_PrefabInstance: {fileID: 0}
  m_PrefabAsset: {fileID: 0}
  serializedVersion: 6
  m_Component:
  - component: {fileID: 571299063}
  - component: {fileID: 571299062}
  m_Layer: 0
  m_Name: back
  m_TagString: Untagged
  m_Icon: {fileID: 0}
  m_NavMeshLayer: 0
  m_StaticEditorFlags: 0
  m_IsActive: 1
--- !u!212 &571299062
SpriteRenderer:
  m_ObjectHideFlags: 0
  m_CorrespondingSourceObject: {fileID: 0}
  m_PrefabInstance: {fileID: 0}
  m_PrefabAsset: {fileID: 0}
  m_GameObject: {fileID: 571299061}
  m_Enabled: 1
  m_CastShadows: 0
  m_ReceiveShadows: 0
  m_DynamicOccludee: 1
  m_StaticShadowCaster: 0
  m_MotionVectors: 1
  m_LightProbeUsage: 1
  m_ReflectionProbeUsage: 1
  m_RayTracingMode: 0
  m_RayTraceProcedural: 0
  m_RenderingLayerMask: 1
  m_RendererPriority: 0
  m_Materials:
  - {fileID: 10754, guid: 0000000000000000f000000000000000, type: 0}
  m_StaticBatchInfo:
    firstSubMesh: 0
    subMeshCount: 0
  m_StaticBatchRoot: {fileID: 0}
  m_ProbeAnchor: {fileID: 0}
  m_LightProbeVolumeOverride: {fileID: 0}
  m_ScaleInLightmap: 1
  m_ReceiveGI: 1
  m_PreserveUVs: 0
  m_IgnoreNormalsForChartDetection: 0
  m_ImportantGI: 0
  m_StitchLightmapSeams: 1
  m_SelectedEditorRenderState: 0
  m_MinimumChartSize: 4
  m_AutoUVMaxDistance: 0.5
  m_AutoUVMaxAngle: 89
  m_LightmapParameters: {fileID: 0}
  m_SortingLayerID: -497169889
  m_SortingLayer: 1
  m_SortingOrder: 0
  m_Sprite: {fileID: 21300000, guid: 3751e211d4c0c5b489d0570881e00276, type: 3}
  m_Color: {r: 1, g: 1, b: 1, a: 1}
  m_FlipX: 0
  m_FlipY: 0
  m_DrawMode: 0
  m_Size: {x: 13.24, y: 6.99}
  m_AdaptiveModeThreshold: 0.5
  m_SpriteTileMode: 0
  m_WasSpriteAssigned: 1
  m_MaskInteraction: 0
  m_SpriteSortPoint: 0
--- !u!4 &571299063
Transform:
  m_ObjectHideFlags: 0
  m_CorrespondingSourceObject: {fileID: 0}
  m_PrefabInstance: {fileID: 0}
  m_PrefabAsset: {fileID: 0}
  m_GameObject: {fileID: 571299061}
  m_LocalRotation: {x: 0, y: 0, z: 0, w: 1}
  m_LocalPosition: {x: -0.04, y: 0.19090939, z: 0}
  m_LocalScale: {x: 1, y: 1, z: 1}
  m_ConstrainProportionsScale: 0
  m_Children: []
  m_Father: {fileID: 0}
  m_RootOrder: 2
  m_LocalEulerAnglesHint: {x: 0, y: 0, z: 0}
--- !u!1001 &693523547
PrefabInstance:
  m_ObjectHideFlags: 0
  serializedVersion: 2
  m_Modification:
    m_TransformParent: {fileID: 1227110039}
    m_Modifications:
    - target: {fileID: 651806292242220007, guid: baf172412c1a7474facfe8a96e0d6734, type: 3}
      propertyPath: m_RootOrder
      value: 0
      objectReference: {fileID: 0}
    - target: {fileID: 651806292242220007, guid: baf172412c1a7474facfe8a96e0d6734, type: 3}
      propertyPath: m_LocalPosition.x
      value: 0.34
      objectReference: {fileID: 0}
    - target: {fileID: 651806292242220007, guid: baf172412c1a7474facfe8a96e0d6734, type: 3}
      propertyPath: m_LocalPosition.y
      value: -2.34
      objectReference: {fileID: 0}
    - target: {fileID: 651806292242220007, guid: baf172412c1a7474facfe8a96e0d6734, type: 3}
      propertyPath: m_LocalPosition.z
      value: 0.029799964
      objectReference: {fileID: 0}
    - target: {fileID: 651806292242220007, guid: baf172412c1a7474facfe8a96e0d6734, type: 3}
      propertyPath: m_LocalRotation.w
      value: 1
      objectReference: {fileID: 0}
    - target: {fileID: 651806292242220007, guid: baf172412c1a7474facfe8a96e0d6734, type: 3}
      propertyPath: m_LocalRotation.x
      value: -0
      objectReference: {fileID: 0}
    - target: {fileID: 651806292242220007, guid: baf172412c1a7474facfe8a96e0d6734, type: 3}
      propertyPath: m_LocalRotation.y
      value: -0
      objectReference: {fileID: 0}
    - target: {fileID: 651806292242220007, guid: baf172412c1a7474facfe8a96e0d6734, type: 3}
      propertyPath: m_LocalRotation.z
      value: -0
      objectReference: {fileID: 0}
    - target: {fileID: 651806292242220007, guid: baf172412c1a7474facfe8a96e0d6734, type: 3}
      propertyPath: m_LocalEulerAnglesHint.x
      value: 0
      objectReference: {fileID: 0}
    - target: {fileID: 651806292242220007, guid: baf172412c1a7474facfe8a96e0d6734, type: 3}
      propertyPath: m_LocalEulerAnglesHint.y
      value: 0
      objectReference: {fileID: 0}
    - target: {fileID: 651806292242220007, guid: baf172412c1a7474facfe8a96e0d6734, type: 3}
      propertyPath: m_LocalEulerAnglesHint.z
      value: 0
      objectReference: {fileID: 0}
    - target: {fileID: 5290229977998588128, guid: baf172412c1a7474facfe8a96e0d6734, type: 3}
      propertyPath: m_Name
      value: New Prefab 1
      objectReference: {fileID: 0}
    m_RemovedComponents: []
  m_SourcePrefab: {fileID: 100100000, guid: baf172412c1a7474facfe8a96e0d6734, type: 3}
--- !u!4 &750748300 stripped
Transform:
  m_CorrespondingSourceObject: {fileID: 302356624844418537, guid: f8f5c175c42017642a9476d3a59a3889, type: 3}
  m_PrefabInstance: {fileID: 362329456}
  m_PrefabAsset: {fileID: 0}
--- !u!1001 &774527946
PrefabInstance:
  m_ObjectHideFlags: 0
  serializedVersion: 2
  m_Modification:
    m_TransformParent: {fileID: 1227110039}
    m_Modifications:
    - target: {fileID: 302356624844418537, guid: f8f5c175c42017642a9476d3a59a3889, type: 3}
      propertyPath: m_RootOrder
      value: 1
      objectReference: {fileID: 0}
    - target: {fileID: 302356624844418537, guid: f8f5c175c42017642a9476d3a59a3889, type: 3}
      propertyPath: m_LocalPosition.x
      value: -10.24
      objectReference: {fileID: 0}
    - target: {fileID: 302356624844418537, guid: f8f5c175c42017642a9476d3a59a3889, type: 3}
      propertyPath: m_LocalPosition.y
      value: -0.05
      objectReference: {fileID: 0}
    - target: {fileID: 302356624844418537, guid: f8f5c175c42017642a9476d3a59a3889, type: 3}
      propertyPath: m_LocalPosition.z
      value: 0.029799964
      objectReference: {fileID: 0}
    - target: {fileID: 302356624844418537, guid: f8f5c175c42017642a9476d3a59a3889, type: 3}
      propertyPath: m_LocalRotation.w
      value: 1
      objectReference: {fileID: 0}
    - target: {fileID: 302356624844418537, guid: f8f5c175c42017642a9476d3a59a3889, type: 3}
      propertyPath: m_LocalRotation.x
      value: -0
      objectReference: {fileID: 0}
    - target: {fileID: 302356624844418537, guid: f8f5c175c42017642a9476d3a59a3889, type: 3}
      propertyPath: m_LocalRotation.y
      value: -0
      objectReference: {fileID: 0}
    - target: {fileID: 302356624844418537, guid: f8f5c175c42017642a9476d3a59a3889, type: 3}
      propertyPath: m_LocalRotation.z
      value: -0
      objectReference: {fileID: 0}
    - target: {fileID: 302356624844418537, guid: f8f5c175c42017642a9476d3a59a3889, type: 3}
      propertyPath: m_LocalEulerAnglesHint.x
      value: 0
      objectReference: {fileID: 0}
    - target: {fileID: 302356624844418537, guid: f8f5c175c42017642a9476d3a59a3889, type: 3}
      propertyPath: m_LocalEulerAnglesHint.y
      value: 0
      objectReference: {fileID: 0}
    - target: {fileID: 302356624844418537, guid: f8f5c175c42017642a9476d3a59a3889, type: 3}
      propertyPath: m_LocalEulerAnglesHint.z
      value: 0
      objectReference: {fileID: 0}
    - target: {fileID: 1878037734775810224, guid: f8f5c175c42017642a9476d3a59a3889, type: 3}
      propertyPath: m_Name
      value: New Prefab
      objectReference: {fileID: 0}
    m_RemovedComponents: []
  m_SourcePrefab: {fileID: 100100000, guid: f8f5c175c42017642a9476d3a59a3889, type: 3}
--- !u!1001 &825678245
PrefabInstance:
  m_ObjectHideFlags: 0
  serializedVersion: 2
  m_Modification:
    m_TransformParent: {fileID: 1227110039}
    m_Modifications:
    - target: {fileID: 302356624844418537, guid: f8f5c175c42017642a9476d3a59a3889, type: 3}
      propertyPath: m_RootOrder
      value: 4
      objectReference: {fileID: 0}
    - target: {fileID: 302356624844418537, guid: f8f5c175c42017642a9476d3a59a3889, type: 3}
      propertyPath: m_LocalPosition.x
      value: 0.09
      objectReference: {fileID: 0}
    - target: {fileID: 302356624844418537, guid: f8f5c175c42017642a9476d3a59a3889, type: 3}
      propertyPath: m_LocalPosition.y
      value: 3.74
      objectReference: {fileID: 0}
    - target: {fileID: 302356624844418537, guid: f8f5c175c42017642a9476d3a59a3889, type: 3}
      propertyPath: m_LocalPosition.z
      value: 0.029799964
      objectReference: {fileID: 0}
    - target: {fileID: 302356624844418537, guid: f8f5c175c42017642a9476d3a59a3889, type: 3}
      propertyPath: m_LocalRotation.w
      value: 1
      objectReference: {fileID: 0}
    - target: {fileID: 302356624844418537, guid: f8f5c175c42017642a9476d3a59a3889, type: 3}
      propertyPath: m_LocalRotation.x
      value: -0
      objectReference: {fileID: 0}
    - target: {fileID: 302356624844418537, guid: f8f5c175c42017642a9476d3a59a3889, type: 3}
      propertyPath: m_LocalRotation.y
      value: -0
      objectReference: {fileID: 0}
    - target: {fileID: 302356624844418537, guid: f8f5c175c42017642a9476d3a59a3889, type: 3}
      propertyPath: m_LocalRotation.z
      value: -0
      objectReference: {fileID: 0}
    - target: {fileID: 302356624844418537, guid: f8f5c175c42017642a9476d3a59a3889, type: 3}
      propertyPath: m_LocalEulerAnglesHint.x
      value: 0
      objectReference: {fileID: 0}
    - target: {fileID: 302356624844418537, guid: f8f5c175c42017642a9476d3a59a3889, type: 3}
      propertyPath: m_LocalEulerAnglesHint.y
      value: 0
      objectReference: {fileID: 0}
    - target: {fileID: 302356624844418537, guid: f8f5c175c42017642a9476d3a59a3889, type: 3}
      propertyPath: m_LocalEulerAnglesHint.z
      value: 0
      objectReference: {fileID: 0}
    - target: {fileID: 1878037734775810224, guid: f8f5c175c42017642a9476d3a59a3889, type: 3}
      propertyPath: m_Name
      value: New Prefab (4)
      objectReference: {fileID: 0}
    m_RemovedComponents: []
  m_SourcePrefab: {fileID: 100100000, guid: f8f5c175c42017642a9476d3a59a3889, type: 3}
--- !u!4 &835478771 stripped
Transform:
  m_CorrespondingSourceObject: {fileID: 302356624844418537, guid: f8f5c175c42017642a9476d3a59a3889, type: 3}
  m_PrefabInstance: {fileID: 1630408614}
  m_PrefabAsset: {fileID: 0}
--- !u!4 &1016770509 stripped
Transform:
  m_CorrespondingSourceObject: {fileID: 651806292242220007, guid: baf172412c1a7474facfe8a96e0d6734, type: 3}
  m_PrefabInstance: {fileID: 693523547}
  m_PrefabAsset: {fileID: 0}
--- !u!1 &1072363057
GameObject:
  m_ObjectHideFlags: 0
  m_CorrespondingSourceObject: {fileID: 0}
  m_PrefabInstance: {fileID: 0}
  m_PrefabAsset: {fileID: 0}
  serializedVersion: 6
  m_Component:
  - component: {fileID: 1072363059}
  - component: {fileID: 1072363058}
  m_Layer: 0
  m_Name: sheet_22
  m_TagString: Untagged
  m_Icon: {fileID: 0}
  m_NavMeshLayer: 0
  m_StaticEditorFlags: 0
  m_IsActive: 1
--- !u!212 &1072363058
SpriteRenderer:
  m_ObjectHideFlags: 0
  m_CorrespondingSourceObject: {fileID: 0}
  m_PrefabInstance: {fileID: 0}
  m_PrefabAsset: {fileID: 0}
  m_GameObject: {fileID: 1072363057}
  m_Enabled: 1
  m_CastShadows: 0
  m_ReceiveShadows: 0
  m_DynamicOccludee: 1
  m_StaticShadowCaster: 0
  m_MotionVectors: 1
  m_LightProbeUsage: 1
  m_ReflectionProbeUsage: 1
  m_RayTracingMode: 0
  m_RayTraceProcedural: 0
  m_RenderingLayerMask: 1
  m_RendererPriority: 0
  m_Materials:
  - {fileID: 10754, guid: 0000000000000000f000000000000000, type: 0}
  m_StaticBatchInfo:
    firstSubMesh: 0
    subMeshCount: 0
  m_StaticBatchRoot: {fileID: 0}
  m_ProbeAnchor: {fileID: 0}
  m_LightProbeVolumeOverride: {fileID: 0}
  m_ScaleInLightmap: 1
  m_ReceiveGI: 1
  m_PreserveUVs: 0
  m_IgnoreNormalsForChartDetection: 0
  m_ImportantGI: 0
  m_StitchLightmapSeams: 1
  m_SelectedEditorRenderState: 0
  m_MinimumChartSize: 4
  m_AutoUVMaxDistance: 0.5
  m_AutoUVMaxAngle: 89
  m_LightmapParameters: {fileID: 0}
  m_SortingLayerID: 0
  m_SortingLayer: 0
  m_SortingOrder: 0
  m_Sprite: {fileID: 1367922567, guid: 220fbcd5b6d09d64387c49e260a9f491, type: 3}
  m_Color: {r: 1, g: 1, b: 1, a: 1}
  m_FlipX: 0
  m_FlipY: 0
  m_DrawMode: 0
  m_Size: {x: 0.7, y: 0.7}
  m_AdaptiveModeThreshold: 0.5
  m_SpriteTileMode: 0
  m_WasSpriteAssigned: 1
  m_MaskInteraction: 0
  m_SpriteSortPoint: 0
--- !u!4 &1072363059
Transform:
  m_ObjectHideFlags: 0
  m_CorrespondingSourceObject: {fileID: 0}
  m_PrefabInstance: {fileID: 0}
  m_PrefabAsset: {fileID: 0}
  m_GameObject: {fileID: 1072363057}
  m_LocalRotation: {x: 0, y: 0, z: 0, w: 1}
  m_LocalPosition: {x: -0.09, y: 5.66, z: 0}
  m_LocalScale: {x: 32.875, y: 1, z: 1}
  m_ConstrainProportionsScale: 0
  m_Children: []
  m_Father: {fileID: 0}
  m_RootOrder: 4
  m_LocalEulerAnglesHint: {x: 0, y: 0, z: 0}
--- !u!1001 &1213057594
PrefabInstance:
  m_ObjectHideFlags: 0
  serializedVersion: 2
  m_Modification:
    m_TransformParent: {fileID: 1227110039}
    m_Modifications:
    - target: {fileID: 651806292242220007, guid: baf172412c1a7474facfe8a96e0d6734, type: 3}
      propertyPath: m_RootOrder
      value: 7
      objectReference: {fileID: 0}
    - target: {fileID: 651806292242220007, guid: baf172412c1a7474facfe8a96e0d6734, type: 3}
      propertyPath: m_LocalPosition.x
      value: -0.37
      objectReference: {fileID: 0}
    - target: {fileID: 651806292242220007, guid: baf172412c1a7474facfe8a96e0d6734, type: 3}
      propertyPath: m_LocalPosition.y
      value: 3.1
      objectReference: {fileID: 0}
    - target: {fileID: 651806292242220007, guid: baf172412c1a7474facfe8a96e0d6734, type: 3}
      propertyPath: m_LocalPosition.z
      value: 0.029799964
      objectReference: {fileID: 0}
    - target: {fileID: 651806292242220007, guid: baf172412c1a7474facfe8a96e0d6734, type: 3}
      propertyPath: m_LocalRotation.w
      value: 1
      objectReference: {fileID: 0}
    - target: {fileID: 651806292242220007, guid: baf172412c1a7474facfe8a96e0d6734, type: 3}
      propertyPath: m_LocalRotation.x
      value: -0
      objectReference: {fileID: 0}
    - target: {fileID: 651806292242220007, guid: baf172412c1a7474facfe8a96e0d6734, type: 3}
      propertyPath: m_LocalRotation.y
      value: -0
      objectReference: {fileID: 0}
    - target: {fileID: 651806292242220007, guid: baf172412c1a7474facfe8a96e0d6734, type: 3}
      propertyPath: m_LocalRotation.z
      value: -0
      objectReference: {fileID: 0}
    - target: {fileID: 651806292242220007, guid: baf172412c1a7474facfe8a96e0d6734, type: 3}
      propertyPath: m_LocalEulerAnglesHint.x
      value: 0
      objectReference: {fileID: 0}
    - target: {fileID: 651806292242220007, guid: baf172412c1a7474facfe8a96e0d6734, type: 3}
      propertyPath: m_LocalEulerAnglesHint.y
      value: 0
      objectReference: {fileID: 0}
    - target: {fileID: 651806292242220007, guid: baf172412c1a7474facfe8a96e0d6734, type: 3}
      propertyPath: m_LocalEulerAnglesHint.z
      value: 0
      objectReference: {fileID: 0}
    - target: {fileID: 5290229977998588128, guid: baf172412c1a7474facfe8a96e0d6734, type: 3}
      propertyPath: m_Name
      value: New Prefab 1 (1)
      objectReference: {fileID: 0}
    m_RemovedComponents: []
  m_SourcePrefab: {fileID: 100100000, guid: baf172412c1a7474facfe8a96e0d6734, type: 3}
--- !u!1 &1227110038
GameObject:
  m_ObjectHideFlags: 0
  m_CorrespondingSourceObject: {fileID: 0}
  m_PrefabInstance: {fileID: 0}
  m_PrefabAsset: {fileID: 0}
  serializedVersion: 6
  m_Component:
  - component: {fileID: 1227110039}
  m_Layer: 0
  m_Name: Enviroment
  m_TagString: Untagged
  m_Icon: {fileID: 0}
  m_NavMeshLayer: 0
  m_StaticEditorFlags: 0
  m_IsActive: 1
--- !u!4 &1227110039
Transform:
  m_ObjectHideFlags: 0
  m_CorrespondingSourceObject: {fileID: 0}
  m_PrefabInstance: {fileID: 0}
  m_PrefabAsset: {fileID: 0}
  m_GameObject: {fileID: 1227110038}
  m_LocalRotation: {x: 0, y: 0, z: 0, w: 1}
  m_LocalPosition: {x: 1.0568774, y: 0.39252102, z: -0.029799964}
  m_LocalScale: {x: 1, y: 1, z: 1}
  m_ConstrainProportionsScale: 0
  m_Children:
  - {fileID: 1016770509}
  - {fileID: 535932518}
  - {fileID: 835478771}
  - {fileID: 1325409553}
  - {fileID: 338416724}
  - {fileID: 306104150}
  - {fileID: 2024472068}
  - {fileID: 1447190875}
  - {fileID: 750748300}
  m_Father: {fileID: 0}
  m_RootOrder: 3
  m_LocalEulerAnglesHint: {x: 0, y: 0, z: 0}
--- !u!4 &1325409553 stripped
Transform:
  m_CorrespondingSourceObject: {fileID: 302356624844418537, guid: f8f5c175c42017642a9476d3a59a3889, type: 3}
  m_PrefabInstance: {fileID: 386718115}
  m_PrefabAsset: {fileID: 0}
--- !u!4 &1447190875 stripped
Transform:
  m_CorrespondingSourceObject: {fileID: 651806292242220007, guid: baf172412c1a7474facfe8a96e0d6734, type: 3}
  m_PrefabInstance: {fileID: 1213057594}
  m_PrefabAsset: {fileID: 0}
--- !u!1001 &1630408614
PrefabInstance:
  m_ObjectHideFlags: 0
  serializedVersion: 2
  m_Modification:
    m_TransformParent: {fileID: 1227110039}
    m_Modifications:
    - target: {fileID: 302356624844418537, guid: f8f5c175c42017642a9476d3a59a3889, type: 3}
      propertyPath: m_RootOrder
      value: 2
      objectReference: {fileID: 0}
    - target: {fileID: 302356624844418537, guid: f8f5c175c42017642a9476d3a59a3889, type: 3}
      propertyPath: m_LocalPosition.x
      value: -0.9
      objectReference: {fileID: 0}
    - target: {fileID: 302356624844418537, guid: f8f5c175c42017642a9476d3a59a3889, type: 3}
      propertyPath: m_LocalPosition.y
      value: -3.67
      objectReference: {fileID: 0}
    - target: {fileID: 302356624844418537, guid: f8f5c175c42017642a9476d3a59a3889, type: 3}
      propertyPath: m_LocalPosition.z
      value: 0.029799964
      objectReference: {fileID: 0}
    - target: {fileID: 302356624844418537, guid: f8f5c175c42017642a9476d3a59a3889, type: 3}
      propertyPath: m_LocalRotation.w
      value: 1
      objectReference: {fileID: 0}
    - target: {fileID: 302356624844418537, guid: f8f5c175c42017642a9476d3a59a3889, type: 3}
      propertyPath: m_LocalRotation.x
      value: -0
      objectReference: {fileID: 0}
    - target: {fileID: 302356624844418537, guid: f8f5c175c42017642a9476d3a59a3889, type: 3}
      propertyPath: m_LocalRotation.y
      value: -0
      objectReference: {fileID: 0}
    - target: {fileID: 302356624844418537, guid: f8f5c175c42017642a9476d3a59a3889, type: 3}
      propertyPath: m_LocalRotation.z
      value: -0
      objectReference: {fileID: 0}
    - target: {fileID: 302356624844418537, guid: f8f5c175c42017642a9476d3a59a3889, type: 3}
      propertyPath: m_LocalEulerAnglesHint.x
      value: 0
      objectReference: {fileID: 0}
    - target: {fileID: 302356624844418537, guid: f8f5c175c42017642a9476d3a59a3889, type: 3}
      propertyPath: m_LocalEulerAnglesHint.y
      value: 0
      objectReference: {fileID: 0}
    - target: {fileID: 302356624844418537, guid: f8f5c175c42017642a9476d3a59a3889, type: 3}
      propertyPath: m_LocalEulerAnglesHint.z
      value: 0
      objectReference: {fileID: 0}
    - target: {fileID: 1878037734775810224, guid: f8f5c175c42017642a9476d3a59a3889, type: 3}
      propertyPath: m_Name
      value: New Prefab (5)
      objectReference: {fileID: 0}
    m_RemovedComponents: []
  m_SourcePrefab: {fileID: 100100000, guid: f8f5c175c42017642a9476d3a59a3889, type: 3}
--- !u!1001 &1633014730
PrefabInstance:
  m_ObjectHideFlags: 0
  serializedVersion: 2
  m_Modification:
    m_TransformParent: {fileID: 1227110039}
    m_Modifications:
    - target: {fileID: 302356624844418537, guid: f8f5c175c42017642a9476d3a59a3889, type: 3}
      propertyPath: m_RootOrder
      value: 5
      objectReference: {fileID: 0}
    - target: {fileID: 302356624844418537, guid: f8f5c175c42017642a9476d3a59a3889, type: 3}
      propertyPath: m_LocalPosition.x
      value: 6.87
      objectReference: {fileID: 0}
    - target: {fileID: 302356624844418537, guid: f8f5c175c42017642a9476d3a59a3889, type: 3}
      propertyPath: m_LocalPosition.y
      value: 3.01
      objectReference: {fileID: 0}
    - target: {fileID: 302356624844418537, guid: f8f5c175c42017642a9476d3a59a3889, type: 3}
      propertyPath: m_LocalPosition.z
      value: 0.029799964
      objectReference: {fileID: 0}
    - target: {fileID: 302356624844418537, guid: f8f5c175c42017642a9476d3a59a3889, type: 3}
      propertyPath: m_LocalRotation.w
      value: 1
      objectReference: {fileID: 0}
    - target: {fileID: 302356624844418537, guid: f8f5c175c42017642a9476d3a59a3889, type: 3}
      propertyPath: m_LocalRotation.x
      value: -0
      objectReference: {fileID: 0}
    - target: {fileID: 302356624844418537, guid: f8f5c175c42017642a9476d3a59a3889, type: 3}
      propertyPath: m_LocalRotation.y
      value: -0
      objectReference: {fileID: 0}
    - target: {fileID: 302356624844418537, guid: f8f5c175c42017642a9476d3a59a3889, type: 3}
      propertyPath: m_LocalRotation.z
      value: -0
      objectReference: {fileID: 0}
    - target: {fileID: 302356624844418537, guid: f8f5c175c42017642a9476d3a59a3889, type: 3}
      propertyPath: m_LocalEulerAnglesHint.x
      value: 0
      objectReference: {fileID: 0}
    - target: {fileID: 302356624844418537, guid: f8f5c175c42017642a9476d3a59a3889, type: 3}
      propertyPath: m_LocalEulerAnglesHint.y
      value: 0
      objectReference: {fileID: 0}
    - target: {fileID: 302356624844418537, guid: f8f5c175c42017642a9476d3a59a3889, type: 3}
      propertyPath: m_LocalEulerAnglesHint.z
      value: 0
      objectReference: {fileID: 0}
    - target: {fileID: 1878037734775810224, guid: f8f5c175c42017642a9476d3a59a3889, type: 3}
      propertyPath: m_Name
      value: New Prefab (1)
      objectReference: {fileID: 0}
    m_RemovedComponents: []
  m_SourcePrefab: {fileID: 100100000, guid: f8f5c175c42017642a9476d3a59a3889, type: 3}
--- !u!1 &1646932580
GameObject:
  m_ObjectHideFlags: 0
  m_CorrespondingSourceObject: {fileID: 0}
  m_PrefabInstance: {fileID: 0}
  m_PrefabAsset: {fileID: 0}
  serializedVersion: 6
  m_Component:
  - component: {fileID: 1646932582}
  - component: {fileID: 1646932581}
  m_Layer: 0
  m_Name: sheet_22 (1)
  m_TagString: Untagged
  m_Icon: {fileID: 0}
  m_NavMeshLayer: 0
  m_StaticEditorFlags: 0
  m_IsActive: 1
--- !u!212 &1646932581
SpriteRenderer:
  m_ObjectHideFlags: 0
  m_CorrespondingSourceObject: {fileID: 0}
  m_PrefabInstance: {fileID: 0}
  m_PrefabAsset: {fileID: 0}
  m_GameObject: {fileID: 1646932580}
  m_Enabled: 1
  m_CastShadows: 0
  m_ReceiveShadows: 0
  m_DynamicOccludee: 1
  m_StaticShadowCaster: 0
  m_MotionVectors: 1
  m_LightProbeUsage: 1
  m_ReflectionProbeUsage: 1
  m_RayTracingMode: 0
  m_RayTraceProcedural: 0
  m_RenderingLayerMask: 1
  m_RendererPriority: 0
  m_Materials:
  - {fileID: 10754, guid: 0000000000000000f000000000000000, type: 0}
  m_StaticBatchInfo:
    firstSubMesh: 0
    subMeshCount: 0
  m_StaticBatchRoot: {fileID: 0}
  m_ProbeAnchor: {fileID: 0}
  m_LightProbeVolumeOverride: {fileID: 0}
  m_ScaleInLightmap: 1
  m_ReceiveGI: 1
  m_PreserveUVs: 0
  m_IgnoreNormalsForChartDetection: 0
  m_ImportantGI: 0
  m_StitchLightmapSeams: 1
  m_SelectedEditorRenderState: 0
  m_MinimumChartSize: 4
  m_AutoUVMaxDistance: 0.5
  m_AutoUVMaxAngle: 89
  m_LightmapParameters: {fileID: 0}
  m_SortingLayerID: 0
  m_SortingLayer: 0
  m_SortingOrder: 0
  m_Sprite: {fileID: 1367922567, guid: 220fbcd5b6d09d64387c49e260a9f491, type: 3}
  m_Color: {r: 1, g: 1, b: 1, a: 1}
  m_FlipX: 0
  m_FlipY: 0
  m_DrawMode: 0
  m_Size: {x: 0.7, y: 0.7}
  m_AdaptiveModeThreshold: 0.5
  m_SpriteTileMode: 0
  m_WasSpriteAssigned: 1
  m_MaskInteraction: 0
  m_SpriteSortPoint: 0
--- !u!4 &1646932582
Transform:
  m_ObjectHideFlags: 0
  m_CorrespondingSourceObject: {fileID: 0}
  m_PrefabInstance: {fileID: 0}
  m_PrefabAsset: {fileID: 0}
  m_GameObject: {fileID: 1646932580}
  m_LocalRotation: {x: 0, y: 0, z: 0, w: 1}
  m_LocalPosition: {x: -0.07, y: -5.23, z: 0}
  m_LocalScale: {x: 31.779154, y: 0.93813, z: 0.93813}
  m_ConstrainProportionsScale: 0
  m_Children: []
  m_Father: {fileID: 0}
  m_RootOrder: 5
  m_LocalEulerAnglesHint: {x: 0, y: 0, z: 0}
--- !u!1 &1758833113
GameObject:
  m_ObjectHideFlags: 0
  m_CorrespondingSourceObject: {fileID: 0}
  m_PrefabInstance: {fileID: 0}
  m_PrefabAsset: {fileID: 0}
  serializedVersion: 6
  m_Component:
  - component: {fileID: 1758833115}
  - component: {fileID: 1758833114}
  m_Layer: 0
  m_Name: sheet_22 (2)
  m_TagString: Untagged
  m_Icon: {fileID: 0}
  m_NavMeshLayer: 0
  m_StaticEditorFlags: 0
  m_IsActive: 1
--- !u!212 &1758833114
SpriteRenderer:
  m_ObjectHideFlags: 0
  m_CorrespondingSourceObject: {fileID: 0}
  m_PrefabInstance: {fileID: 0}
  m_PrefabAsset: {fileID: 0}
  m_GameObject: {fileID: 1758833113}
  m_Enabled: 1
  m_CastShadows: 0
  m_ReceiveShadows: 0
  m_DynamicOccludee: 1
  m_StaticShadowCaster: 0
  m_MotionVectors: 1
  m_LightProbeUsage: 1
  m_ReflectionProbeUsage: 1
  m_RayTracingMode: 0
  m_RayTraceProcedural: 0
  m_RenderingLayerMask: 1
  m_RendererPriority: 0
  m_Materials:
  - {fileID: 10754, guid: 0000000000000000f000000000000000, type: 0}
  m_StaticBatchInfo:
    firstSubMesh: 0
    subMeshCount: 0
  m_StaticBatchRoot: {fileID: 0}
  m_ProbeAnchor: {fileID: 0}
  m_LightProbeVolumeOverride: {fileID: 0}
  m_ScaleInLightmap: 1
  m_ReceiveGI: 1
  m_PreserveUVs: 0
  m_IgnoreNormalsForChartDetection: 0
  m_ImportantGI: 0
  m_StitchLightmapSeams: 1
  m_SelectedEditorRenderState: 0
  m_MinimumChartSize: 4
  m_AutoUVMaxDistance: 0.5
  m_AutoUVMaxAngle: 89
  m_LightmapParameters: {fileID: 0}
  m_SortingLayerID: 0
  m_SortingLayer: 0
  m_SortingOrder: 0
  m_Sprite: {fileID: 1367922567, guid: 220fbcd5b6d09d64387c49e260a9f491, type: 3}
  m_Color: {r: 1, g: 1, b: 1, a: 1}
  m_FlipX: 0
  m_FlipY: 0
  m_DrawMode: 0
  m_Size: {x: 0.7, y: 0.7}
  m_AdaptiveModeThreshold: 0.5
  m_SpriteTileMode: 0
  m_WasSpriteAssigned: 1
  m_MaskInteraction: 0
  m_SpriteSortPoint: 0
--- !u!4 &1758833115
Transform:
  m_ObjectHideFlags: 0
  m_CorrespondingSourceObject: {fileID: 0}
  m_PrefabInstance: {fileID: 0}
  m_PrefabAsset: {fileID: 0}
  m_GameObject: {fileID: 1758833113}
  m_LocalRotation: {x: 0, y: 0, z: 0, w: 1}
  m_LocalPosition: {x: -11.17, y: -0.04, z: 0}
  m_LocalScale: {x: 1, y: 20.725, z: 1}
  m_ConstrainProportionsScale: 0
  m_Children: []
  m_Father: {fileID: 0}
  m_RootOrder: 6
  m_LocalEulerAnglesHint: {x: 0, y: 0, z: 0}
--- !u!1001 &1876107492
PrefabInstance:
  m_ObjectHideFlags: 0
  serializedVersion: 2
  m_Modification:
    m_TransformParent: {fileID: 1227110039}
    m_Modifications:
    - target: {fileID: 651806292242220007, guid: baf172412c1a7474facfe8a96e0d6734, type: 3}
      propertyPath: m_RootOrder
      value: 6
      objectReference: {fileID: 0}
    - target: {fileID: 651806292242220007, guid: baf172412c1a7474facfe8a96e0d6734, type: 3}
      propertyPath: m_LocalPosition.x
      value: 7.45
      objectReference: {fileID: 0}
    - target: {fileID: 651806292242220007, guid: baf172412c1a7474facfe8a96e0d6734, type: 3}
      propertyPath: m_LocalPosition.y
      value: 1.33
      objectReference: {fileID: 0}
    - target: {fileID: 651806292242220007, guid: baf172412c1a7474facfe8a96e0d6734, type: 3}
      propertyPath: m_LocalPosition.z
      value: 0.029799964
      objectReference: {fileID: 0}
    - target: {fileID: 651806292242220007, guid: baf172412c1a7474facfe8a96e0d6734, type: 3}
      propertyPath: m_LocalRotation.w
      value: 1
      objectReference: {fileID: 0}
    - target: {fileID: 651806292242220007, guid: baf172412c1a7474facfe8a96e0d6734, type: 3}
      propertyPath: m_LocalRotation.x
      value: -0
      objectReference: {fileID: 0}
    - target: {fileID: 651806292242220007, guid: baf172412c1a7474facfe8a96e0d6734, type: 3}
      propertyPath: m_LocalRotation.y
      value: -0
      objectReference: {fileID: 0}
    - target: {fileID: 651806292242220007, guid: baf172412c1a7474facfe8a96e0d6734, type: 3}
      propertyPath: m_LocalRotation.z
      value: -0
      objectReference: {fileID: 0}
    - target: {fileID: 651806292242220007, guid: baf172412c1a7474facfe8a96e0d6734, type: 3}
      propertyPath: m_LocalEulerAnglesHint.x
      value: 0
      objectReference: {fileID: 0}
    - target: {fileID: 651806292242220007, guid: baf172412c1a7474facfe8a96e0d6734, type: 3}
      propertyPath: m_LocalEulerAnglesHint.y
      value: 0
      objectReference: {fileID: 0}
    - target: {fileID: 651806292242220007, guid: baf172412c1a7474facfe8a96e0d6734, type: 3}
      propertyPath: m_LocalEulerAnglesHint.z
      value: 0
      objectReference: {fileID: 0}
    - target: {fileID: 3504520582564662228, guid: baf172412c1a7474facfe8a96e0d6734, type: 3}
      propertyPath: m_LocalPosition.x
      value: -8.79
      objectReference: {fileID: 0}
    - target: {fileID: 5290229977998588128, guid: baf172412c1a7474facfe8a96e0d6734, type: 3}
      propertyPath: m_Name
      value: New Prefab 1
      objectReference: {fileID: 0}
    - target: {fileID: 6354758146973232190, guid: baf172412c1a7474facfe8a96e0d6734, type: 3}
      propertyPath: m_LocalPosition.x
      value: -4.65
      objectReference: {fileID: 0}
    - target: {fileID: 8509902161034647432, guid: baf172412c1a7474facfe8a96e0d6734, type: 3}
      propertyPath: m_LocalPosition.x
      value: -5.34
      objectReference: {fileID: 0}
    - target: {fileID: 8509902161034647432, guid: baf172412c1a7474facfe8a96e0d6734, type: 3}
      propertyPath: m_LocalPosition.y
      value: -0.97
      objectReference: {fileID: 0}
    m_RemovedComponents: []
  m_SourcePrefab: {fileID: 100100000, guid: baf172412c1a7474facfe8a96e0d6734, type: 3}
--- !u!1 &2013724357
GameObject:
  m_ObjectHideFlags: 0
  m_CorrespondingSourceObject: {fileID: 0}
  m_PrefabInstance: {fileID: 0}
  m_PrefabAsset: {fileID: 0}
  serializedVersion: 6
  m_Component:
  - component: {fileID: 2013724359}
  - component: {fileID: 2013724358}
  m_Layer: 0
  m_Name: sheet_22 (3)
  m_TagString: Untagged
  m_Icon: {fileID: 0}
  m_NavMeshLayer: 0
  m_StaticEditorFlags: 0
  m_IsActive: 1
--- !u!212 &2013724358
SpriteRenderer:
  m_ObjectHideFlags: 0
  m_CorrespondingSourceObject: {fileID: 0}
  m_PrefabInstance: {fileID: 0}
  m_PrefabAsset: {fileID: 0}
  m_GameObject: {fileID: 2013724357}
  m_Enabled: 1
  m_CastShadows: 0
  m_ReceiveShadows: 0
  m_DynamicOccludee: 1
  m_StaticShadowCaster: 0
  m_MotionVectors: 1
  m_LightProbeUsage: 1
  m_ReflectionProbeUsage: 1
  m_RayTracingMode: 0
  m_RayTraceProcedural: 0
  m_RenderingLayerMask: 1
  m_RendererPriority: 0
  m_Materials:
  - {fileID: 10754, guid: 0000000000000000f000000000000000, type: 0}
  m_StaticBatchInfo:
    firstSubMesh: 0
    subMeshCount: 0
  m_StaticBatchRoot: {fileID: 0}
  m_ProbeAnchor: {fileID: 0}
  m_LightProbeVolumeOverride: {fileID: 0}
  m_ScaleInLightmap: 1
  m_ReceiveGI: 1
  m_PreserveUVs: 0
  m_IgnoreNormalsForChartDetection: 0
  m_ImportantGI: 0
  m_StitchLightmapSeams: 1
  m_SelectedEditorRenderState: 0
  m_MinimumChartSize: 4
  m_AutoUVMaxDistance: 0.5
  m_AutoUVMaxAngle: 89
  m_LightmapParameters: {fileID: 0}
  m_SortingLayerID: 0
  m_SortingLayer: 0
  m_SortingOrder: 0
  m_Sprite: {fileID: 1367922567, guid: 220fbcd5b6d09d64387c49e260a9f491, type: 3}
  m_Color: {r: 1, g: 1, b: 1, a: 1}
  m_FlipX: 0
  m_FlipY: 0
  m_DrawMode: 0
  m_Size: {x: 0.7, y: 0.7}
  m_AdaptiveModeThreshold: 0.5
  m_SpriteTileMode: 0
  m_WasSpriteAssigned: 1
  m_MaskInteraction: 0
  m_SpriteSortPoint: 0
--- !u!4 &2013724359
Transform:
  m_ObjectHideFlags: 0
  m_CorrespondingSourceObject: {fileID: 0}
  m_PrefabInstance: {fileID: 0}
  m_PrefabAsset: {fileID: 0}
  m_GameObject: {fileID: 2013724357}
  m_LocalRotation: {x: 0, y: 0, z: 0, w: 1}
  m_LocalPosition: {x: 11.2, y: 0.28, z: 0}
  m_LocalScale: {x: 1, y: -34.775, z: 1}
  m_ConstrainProportionsScale: 0
  m_Children: []
  m_Father: {fileID: 0}
  m_RootOrder: 7
  m_LocalEulerAnglesHint: {x: 0, y: 0, z: 0}
--- !u!4 &2024472068 stripped
Transform:
  m_CorrespondingSourceObject: {fileID: 651806292242220007, guid: baf172412c1a7474facfe8a96e0d6734, type: 3}
  m_PrefabInstance: {fileID: 1876107492}
  m_PrefabAsset: {fileID: 0}
--- !u!1001 &4540908075752362056
PrefabInstance:
  m_ObjectHideFlags: 0
  serializedVersion: 2
  m_Modification:
    m_TransformParent: {fileID: 0}
    m_Modifications:
    - target: {fileID: 4540908077251941664, guid: 7b5ac87cffd858c48b432db11aee46e4, type: 3}
      propertyPath: m_IsTrigger
      value: 0
      objectReference: {fileID: 0}
    - target: {fileID: 4540908077251941675, guid: 7b5ac87cffd858c48b432db11aee46e4, type: 3}
      propertyPath: m_Name
      value: player
      objectReference: {fileID: 0}
    - target: {fileID: 4540908077251941677, guid: 7b5ac87cffd858c48b432db11aee46e4, type: 3}
      propertyPath: m_RootOrder
      value: 0
      objectReference: {fileID: 0}
    - target: {fileID: 4540908077251941677, guid: 7b5ac87cffd858c48b432db11aee46e4, type: 3}
      propertyPath: m_LocalPosition.x
      value: 0
      objectReference: {fileID: 0}
    - target: {fileID: 4540908077251941677, guid: 7b5ac87cffd858c48b432db11aee46e4, type: 3}
      propertyPath: m_LocalPosition.y
      value: -1.43
      objectReference: {fileID: 0}
    - target: {fileID: 4540908077251941677, guid: 7b5ac87cffd858c48b432db11aee46e4, type: 3}
      propertyPath: m_LocalPosition.z
      value: 0
      objectReference: {fileID: 0}
    - target: {fileID: 4540908077251941677, guid: 7b5ac87cffd858c48b432db11aee46e4, type: 3}
      propertyPath: m_LocalRotation.w
      value: 1
      objectReference: {fileID: 0}
    - target: {fileID: 4540908077251941677, guid: 7b5ac87cffd858c48b432db11aee46e4, type: 3}
      propertyPath: m_LocalRotation.x
      value: 0
      objectReference: {fileID: 0}
    - target: {fileID: 4540908077251941677, guid: 7b5ac87cffd858c48b432db11aee46e4, type: 3}
      propertyPath: m_LocalRotation.y
      value: 0
      objectReference: {fileID: 0}
    - target: {fileID: 4540908077251941677, guid: 7b5ac87cffd858c48b432db11aee46e4, type: 3}
      propertyPath: m_LocalRotation.z
      value: 0
      objectReference: {fileID: 0}
    - target: {fileID: 4540908077251941677, guid: 7b5ac87cffd858c48b432db11aee46e4, type: 3}
      propertyPath: m_LocalEulerAnglesHint.x
      value: 0
      objectReference: {fileID: 0}
    - target: {fileID: 4540908077251941677, guid: 7b5ac87cffd858c48b432db11aee46e4, type: 3}
      propertyPath: m_LocalEulerAnglesHint.y
      value: 0
      objectReference: {fileID: 0}
    - target: {fileID: 4540908077251941677, guid: 7b5ac87cffd858c48b432db11aee46e4, type: 3}
      propertyPath: m_LocalEulerAnglesHint.z
      value: 0
      objectReference: {fileID: 0}
    m_RemovedComponents: []
  m_SourcePrefab: {fileID: 100100000, guid: 7b5ac87cffd858c48b432db11aee46e4, type: 3}
